@conference{oop-game-prog-patterns-2022,
  author    = {Ricci Alessandro},
  title     = {oop-game-prog-patterns-2022},
  booktitle = {oop-game-prog-patterns-2022},
  year      = {2023}
}

@article{Circle-Rectangle-collision-detection,
  author  = {e.James},
  journal = {StackOverflow},
  title   = {Circle-Rectangle collision detection (intersection)},
  year    = {2021},
  volume     = {\url{https://stackoverflow.com/questions/401847/circle-rectangle-collision-detection-intersection}}
}